<record><leader>00000cas a22000007a 4500</leader><controlfield tag="001">13323133</controlfield><controlfield tag="008">860321d18671869wvuwr ne      0    0eng d</controlfield><datafield ind1=" " ind2=" " tag="010"><subfield code="a">sn 86092418 </subfield></datafield><datafield ind1=" " ind2=" " tag="040"><subfield code="a">WVC</subfield><subfield code="b">eng</subfield><subfield code="c">WVC</subfield><subfield code="d">OCL</subfield><subfield code="d">OCLCQ</subfield></datafield><datafield ind1=" " ind2=" " tag="042"><subfield code="a">msc</subfield></datafield><datafield ind1="0" ind2="4" tag="245"><subfield code="a">The Elizabeth gazette.</subfield></datafield><datafield ind1=" " ind2=" " tag="260"><subfield code="a">Elizabeth, W. Va. :</subfield><subfield code="b">William McCoy &amp; John McWilliams</subfield></datafield><datafield ind1=" " ind2=" " tag="300"><subfield code="a">v.</subfield></datafield><datafield ind1=" " ind2=" " tag="310"><subfield code="a">Weekly</subfield></datafield><datafield ind1="1" ind2=" " tag="362"><subfield code="a">Began Mar. 13, 1867; ceased in 1869.</subfield><subfield code="z">Cf. Hardesty, H.H. Hardesty's Historical and Geographical Encyclopedia ... Roane, Calhoun, Jackson &amp; Wirt Co's.</subfield></datafield><datafield ind1=" " ind2=" " tag="500"><subfield code="a">First newspaper in Wirt Co., W. Va. Cf. Cf. Hardesty, H.H. Hardesty's Historical and Geographical Encyclopedia ... Roane, Calhoun, Jackson &amp; Wirt Co's.</subfield></datafield><datafield ind1=" " ind2=" " tag="588"><subfield code="a">Description based on: Vol. 1, no. 51 (Mar. 9, 1868).</subfield></datafield><datafield ind1=" " ind2=" " tag="752"><subfield code="a">United States</subfield><subfield code="b">West Virginia</subfield><subfield code="c">Wirt</subfield><subfield code="d">Elizabeth.</subfield></datafield><datafield ind1="0" ind2="7" tag="785"><subfield code="t">West Virginia weekly times</subfield><subfield code="w">(DLC)sn 84037917</subfield></datafield><datafield ind1="0" ind2="7" tag="785"><subfield code="t">Weekly times and the Elizabeth gazette</subfield><subfield code="w">(DLC)sn 86092437</subfield></datafield></record>